<?xml version="1.0" encoding="UTF-8"?><collection xmlns="http://www.loc.gov/MARC21/slim"><record><leader>00365nam--2200121-i-4500</leader><controlfield tag="001">000028964</controlfield><controlfield tag="002">20161230</controlfield><controlfield tag="005">20161230201037</controlfield><controlfield tag="008">060222s1000------------r-----000-0-eng-d</controlfield><datafield ind1=" " ind2=" " tag="100"><subfield code="a">Laberrigue, Andre</subfield></datafield><datafield ind1=" " ind2=" " tag="245"><subfield code="a">Diffusion des electrons parl`agitation thermique des atomes d`un cristal.(teza de doctorat)</subfield></datafield><datafield ind1=" " ind2=" " tag="260"><subfield code="a">Paris,Masson Et C-ie, 1959. 386-433p</subfield></datafield><datafield ind1=" " ind2=" " tag="852"><subfield code="a">5837</subfield></datafield></record></collection>